@ONLINE{motivation,
	author={Jönson, Gisela},
	title={Motivationsföreläsning},
	url={https://bilda.kth.se/courseId/11151/node.do?id=22029307\&ts=1398349649681\&u=-71147356},
	year={2014},
	month={apr},
}

@ONLINE{leadership,
	author={Kaulio, Matti},
	title={Group, Teams and Leadership},
	url={https://bilda.kth.se/courseId/11151/node.do?id=22007611\&ts=1397505198501\&u=-1596809048},
	year={2014}
	month={apr},
}

@INBOOK{yukl,
	author={Gary Yukl},
	title={Leadership in Organizations},
	publisher={Prentice Hall},
	year={2002},
}